%% This BibTeX bibliography file was created using BibDesk.
%% https://bibdesk.sourceforge.io/

%% Created for David Jansen at 2018-09-22 14:45:25 +0200 


%% Saved with string encoding Unicode (UTF-8) 



@article{Srivastava:2014,
	Author = {Nitish Srivastava and Geoffrey Hinton and Alex Krizhevsky and Ilya Sutskever and Ruslan Salakhutdinov},
	Date-Added = {2018-09-21 13:39:07 +0000},
	Date-Modified = {2018-09-21 13:40:56 +0000},
	Journal = {Journal of Machine Learning Research},
	Number = {15},
	Title = {Dropout: A Simple Way to Prevent Neural Networks from Overfitting},
	Year = {2014}}

@article{Ioffe:2015,
	Archiveprefix = {arXiv},
	Author = {Sergey Ioffe and Christian Szegedy},
	Bibsource = {dblp computer science bibliography, https://dblp.org},
	Biburl = {https://dblp.org/rec/bib/journals/corr/IoffeS15},
	Date-Modified = {2018-09-22 12:45:23 +0000},
	Eprint = {1502.03167},
	Journal = {CoRR},
	Timestamp = {Mon, 13 Aug 2018 16:47:06 +0200},
	Title = {Batch Normalization: Accelerating Deep Network Training by Reducing Internal Covariate Shift},
	Url = {http://arxiv.org/abs/1502.03167},
	Volume = {abs/1502.03167},
	Year = {2015},
	Bdsk-Url-1 = {http://arxiv.org/abs/1502.03167}}

@url{CSN:ReLU,
	Author = {Stanford},
	Date-Added = {2018-09-21 09:56:59 +0000},
	Date-Modified = {2018-09-21 10:05:45 +0000},
	Title = {CS231n Convolutional Neural Networks for Visual Recognition},
	Url = {http://cs231n.github.io/neural-networks-1/#actfun},
	Year = {2018},
	Bdsk-Url-1 = {http://cs231n.github.io/neural-networks-1/#actfun}}

@webpage{Glorot:U,
	Author = {Xavier Glorot and Antoine Bordes and Yoshua Bengio},
	Date-Added = {2018-09-21 09:49:59 +0000},
	Date-Modified = {2018-09-21 09:52:02 +0000},
	Keywords = {relu, activation},
	Title = {Deep Sparse Rectifier Neural Networks},
	Url = {https://www.utc.fr/~bordesan/dokuwiki/_media/en/glorot10nipsworkshop.pdf},
	Bdsk-Url-1 = {https://www.utc.fr/~bordesan/dokuwiki/_media/en/glorot10nipsworkshop.pdf}}

@webpage{McBride:2015,
	Author = {Linden McBride and Austin Nichols},
	Date-Added = {2018-09-17 13:27:59 +0000},
	Date-Modified = {2018-09-17 13:47:08 +0000},
	Month = {January},
	Title = {Improved poverty targeting through machine learning: An application to the USAID Poverty Assessment Tools},
	Url = {http://www.econthatmatters.com/wp-content/uploads/2015/01/improvedtargeting_21jan2015.pdf},
	Year = {2015},
	Bdsk-Url-1 = {http://www.econthatmatters.com/wp-content/uploads/2015/01/improvedtargeting_21jan2015.pdf}}

@webpage{Yutaka:2007,
	Author = {Sasaki Yutaka},
	Date-Added = {2018-09-17 11:20:56 +0000},
	Date-Modified = {2018-09-18 08:49:09 +0000},
	Lastchecked = {17 September 2018},
	Month = {October},
	Title = {The truth of the F-measure},
	Url = {https://www.toyota-ti.ac.jp/Lab/Denshi/COIN/people/yutaka.sasaki/F-measure-YS-26Oct07.pdf},
	Urldate = {17 September 2018},
	Year = {2007},
	Bdsk-Url-1 = {https://www.toyota-ti.ac.jp/Lab/Denshi/COIN/people/yutaka.sasaki/F-measure-YS-26Oct07.pdf}}
